@inproceedings{handley2017re,
	title={Re-architecting datacenter networks and stacks for low latency and high performance},
	author={Handley, Mark and Raiciu, Costin and Agache, Alexandru and Voinescu, Andrei and Moore, Andrew W and Antichi, Gianni and W{\'o}jcik, Marcin},
	booktitle={Proceedings of the Conference of the ACM Special Interest Group on Data Communication},
	pages={29--42},
	year={2017, available at \url{http://conferences2.sigcomm.org/sigcomm/2017/program.html}},
	organization={ACM}
}


@misc{beej,
    title = {Beej's Guide to Network Programming},
    author = {Brian "Beej Jorgensen" Hall},
    url = {https://beej.us/guide/bgnet/html/multi/index.html},
    year = {2018}
}

@misc{socket,
    author = {Michael J. Donahoo and Kenneth L. Calvert},
    title = {TCP / IP sockets in C, A practical guide for programmers},
    year = {2001},
    publisher = {Morgan Kaufmann}
}

@misc{howtosend,
    author = {Graham Shaw},
    title = {Send a UDP datagram in C},
    url = {http://www.microhowto.info/howto/send_a_udp_datagram_in_c.html},
}

@misc{howtoreceive,
    author = {Graham Shaw},
    title = {Listen for and receive UDP datagrams in C},
    url = {http://www.microhowto.info/howto/listen_for_and_receive_udp_datagrams_in_c.html},
}

@misc{select,
    author = {Spencer Low},
    title = {The World of select()},
    url = {http://www.lowtek.com/sockets/select.html}
}

@misc{linux,
    author = {Michael Kerrisk},
    publisher = {No Starch},
    title = {The Linux programming interface : a Linux and UNIX system programming handbook},
    year = 2010
}

@misc{stevens,
    author = {W. Richard Stevens and Stephen A. Rago},
    title = {Advanced programming in the Unix environment},
    publisher = {Addison-Wesley},
    year = {2005}
}
